3116 5074
201 542 254 602 40
656 465 959 600 ΕΥΡΙΠΙΔΟΥ.

202 732 269 811 καὶ
297 743 378 811 τοῖς
403 731 635 838 Ἀτρείδαις,
664 731 710 825 ἢν
737 731 808 830 μὲν
836 739 1010 835 ἡγῶνται
1040 741 1181 830 καλῶς,
1333 748 1399 818 830

201 875 416 976 πεισόμεθ,
444 876 545 956 όταν
572 875 613 955 δὲ
640 874 692 976 μὴ
722 885 864 972 καλῶς,
893 883 944 978 οὐ,
968 877 1169 980 πείσομαι·

200 1027 299 1100 ἀλλ’
326 1019 450 1103 ἐνθάδ’
451 1029 535 1118 ,ἐν
561 1022 682 1130 Τροίᾳ
711 1026 764 1117 τ’,
788 1018 1005 1131 Ιἐλευθέραν
1032 1018 1157 1134 φάσιν

198 1159 398 1269 παρέχων,
419 1161 545 1270 ’Ἀρην
572 1162 623 1245 τὸ
651 1169 741 1262 κατ’
768 1161 839 1264 ἐμὲ
866 1161 1058 1266 κοσμήσω
1086 1163 1178 1270 δορί.

197 1305 247 1388 σὲ
274 1307 320 1401 δ’,
348 1303 379 1385 ὦ
406 1305 589 1413 σχέτλια
617 1307 804 1389 παθοῦσα
832 1308 927 1414 πρὸς
954 1315 1035 1388 τῶν
1062 1306 1293 1420 φιλτάτων,

198 1449 226 1532 ά
251 1449 297 1544 δὴ
325 1458 416 1534 κατ’
442 1450 562 1559 άνδρα
590 1453 777 1557 γίγνεται
809 1451 976 1546 νεανίαν,
1327 1465 1394 1536 835

198 1601 402 1676 τοσοῦτον
429 1593 563 1677 οἶκτον
590 1591 821 1701 περιβαλὸν
850 1602 1119 1675 καταστελῶ·

196 1740 369 1821 κοῦποτε
398 1739 490 1847 κόρη
518 1740 571 1832 σὴ
601 1738 697 1846 πρὸς
723 1738 876 1846 πατρὸς
905 1739 1185 1852 σφαγήσεται,

195 1884 278 1986 ε’μὴ.
295 1883 546 1994 φατισθεῖσ’·
577 1889 629 1963 ου’
650 1879 729 1989 γάρ
758 1880 972 1982 ἐμπλέκειν
999 1884 1153 1964 πλοκὸς

194 2027 274 2131 ε’γὸ
302 2027 459 2140 παρέξω
488 2035 549 2140 σῷ
577 2026 697 2109 πόσει
726 2025 875 2125 τούμὸν
903 2023 1031 2128 δέμας.

194 2177 368 2273 τοῦνομα
397 2172 491 2279 γάρ,
522 2174 554 2267 εἰ
582 2171 651 2251 καὶ
675 2168 734 2272 μὴ.
756 2168 917 2276 σίδηρον
945 2167 1086 2280 ἤρατο,

193 2318 342 2419 τούμὸν
369 2316 555 2428 φονεύσει
583 2315 703 2396 παῖδα
726 2314 819 2412 σὴν,
853 2315 924 2420 (τὸ
952 2315 984 2394 δ’
1011 2314 1141 2397 αἴτιον

192 2460 310 2544 πόσις
339 2461 444 2571 σὸς),
472 2459 596 2563 άγνὸν
623 2461 654 2540 δ’
683 2457 812 2542 οὐκέτ’
840 2461 937 2558 ἐστὶ
963 2467 1062 2560 σῶμ’
1089 2460 1196 2562 ἐμὸν,

192 2610 225 2689 εἰ
254 2607 298 2689 δι’
325 2605 384 2710 ἔμ’
411 2616 584 2703 ὀλεῖται,
613 2604 676 2686 διά
704 2638 751 2686 τε
780 2603 873 2685 τοὺς
901 2603 1015 2706 ἐμοὸς
1041 2603 1204 2707 γάμους,

191 2752 345 2850 ἡδεινά
375 2759 521 2835 τλᾶσα
549 2756 651 2831 κοόκ.
671 2749 820 2830 αὐεκτὸ
849 2747 1050 2857 παρθένος.

191 2895 408 2999 θαυμαστοὶ
437 2895 468 2975 δ’
496 2901 543 2974 ὠς
570 2890 695 3004 ἀνάξι’
723 2892 988 2995 ιίτιμάσμεθα·

191 3045 270 3147 ε’γὸι
298 3043 488 3126 κάκιστος
515 3037 560 3135 ἦν
588 3037 648 3147 άρ’
676 3040 864 3148 Ἀργείων
892 3037 1002 3146 ἀνὴρ,

188 3189 268 3294 ε’γιὸ
295 3189 346 3271 τὸ
372 3185 503 3291 μηδὲν,
534 3184 759 3294 (Μενέλεως
785 3185 817 3264 δ’
844 3191 886 3264 ἐν
914 3183 1120 3291 ἀνδράσιν)

188 3346 235 3418 ιὸς
264 3335 354 3443 οὐχὶ
382 3335 552 3428 Πηλέως,
581 3327 679 3415 ἀλλ’
708 3328 943 3439 ἀλάστορος
970 3328 1109 3432 γεγιὸς,

188 3482 295 3587 εἴπερ
323 3475 477 3592 φονεύει
505 3473 655 3577 τούμὸν
684 3473 807 3574 ὄνομα
835 3480 897 3580 σῷ
925 3469 1057 3554 πόσει.

187 3625 241 3728 μὸ
271 3623 344 3707 τὸν
372 3626 417 3705 δι’
445 3630 572 3730 ὑγρῶν
600 3618 784 3723 κυμάτων
812 3616 1079 3725 τεθραμμένον
1317 3629 1384 3696 ⁸⁵⁰

187 3771 332 3881 Νηρέα,
361 3765 593 3884 φυτουργὸν
620 3766 784 3846 Θέτιδος
812 3763 835 3857 ἥ
862 3770 899 3863 μ’
927 3762 1128 3865 ἐγείνατο,

189 3923 264 4023 οὐχ
293 3911 451 4021 άφεται
481 3918 553 4004 σῆς
583 3907 781 4016 θυγατρὸς
808 3903 1067 4009 Ἀγαμέμνων
1094 3906 1211 4021 άναξ,

189 4064 266 4146 οὐδ’
293 4064 344 4142 εἰς
370 4059 493 4168 άκραν
521 4062 630 4165 χεῖρ’,
658 4055 767 4139 ὥστε
795 4054 1052 4162 προσβαλεῖν
1079 4052 1258 4134 πέπλοις
1372 4119 1377 4124 ,

342 4407 419 4482 831.’,
430 4413 460 4462 In
475 4412 533 4468 fine,
550 4398 584 4458 οό
595 4396 758 4471 πεισόμεθα.
801 4443 804 4448 .
940 4398 1005 4474 845.
1025 4389 1197 4466 ἤτιμασμένη

342 4503 378 4578 83
384 4520 409 4578 3.
421 4497 505 4579 ’Ἀρει
519 4500 562 4576 τῷ
575 4493 637 4553 κατ’
649 4491 699 4567 ε’μέ
1174 4504 1176 4512 ’
