3116 5074
183 549 256 615 (ιιι)
456 535 717 610 ΙΦΙΓΕΝΕΙΑ
747 537 782 608 H
812 535 877 608 EN
908 535 1110 610 ΑΥΛΙΔΙ.
1328 554 1373 629 17

655 833 719 899 ΑΓ
725 835 751 899 Γ
758 834 903 900 ΕΛΟΣ.

757 1017 785 1097 ὦ
814 1014 1078 1110 Πανελλήνων
1107 1015 1211 1127 ἄναξ

180 1160 445 1265 Ἀγάμεμνον,
474 1165 550 1260 ήκω
579 1165 699 1245 παῖδά
728 1197 795 1245 σοι
825 1162 897 1256 τήν
926 1159 1001 1254 σήν
1029 1157 1164 1261 ἅγιον,

180 1309 224 1402 ἣν
250 1306 483 1420 Ἰφιγένειαν
512 1307 704 1418 ὠνόμαζες
733 1316 774 1388 ἐν
802 1307 941 1407 δόμοις.

177 1451 306 1560 μήτηρ
334 1452 366 1531 δ’
393 1458 569 1560 ὁμαρτεῖ,
598 1460 669 1543 σῆς
699 1449 1063 1558 Κλυταιμνήστρας
1091 1447 1239 1550 δέμας,
1302 1459 1379 1532 340

178 1598 243 1678 καὶ
272 1608 361 1677 παῖς
388 1596 598 1704 Ὀρέστης,
628 1604 674 1677 ως
702 1595 754 1678 σι)
782 1594 986 1708 τερφθείης
1015 1593 1117 1688 ἶδιδυ,

177 1742 322 1850 χρόνον
350 1741 526 1824 παλαιόν
553 1741 741 1844 δωμάτων
769 1744 928 1843 ἔκδημος
957 1739 1020 1821 ιόν.

177 1893 291 1980 ἀλλ’,
320 1893 367 1965 ως
393 1887 546 1992 μακρὰν
573 1884 737 1982 ἔτεινον,
768 1884 930 1993 εὔρυτον
958 1885 1066 1992 παραὶ

178 2027 316 2133 κρήνην
344 2028 605 2134 ἀναψύχουσι
636 2028 836 2121 θηλύπουν
864 2026 1004 2124 βόσιν,

178 2173 299 2255 αὐταί
327 2208 375 2255 τε
403 2175 533 2256 πῶλοί
561 2182 616 2256 τ’·
648 2177 697 2254 εἰς
724 2174 766 2255 δὲ
790 2172 988 2274 λειμώνων
1016 2172 1145 2279 χλόην
1310 2183 1375 2254 345

178 2319 357 2418 καθεῖμεν
386 2316 524 2419 αὐτὰς,
557 2326 603 2398 ὠς
631 2320 756 2426 βορᾶς
784 2318 1024 2418 γευσαίατο.

178 2457 257 2561 ε’γω
285 2457 325 2539 δὲ
354 2458 582 2567 πρόδρομος,
614 2470 685 2554 σῆς
714 2470 964 2570 παρασκευῆς
991 2462 1123 2572 χάριν,
1191 2515 1192 2522 1

178 2602 266 2698 ήκω·
297 2599 502 2684 πέπυσται
531 2604 611 2711 γὰρ
640 2603 820 2712 στρατὸς
851 2609 1017 2714 (ταχεῖα
1046 2605 1086 2686 δὲ

178 2742 284 2853 διῇξε
312 2742 440 2857 φήμη)
472 2745 593 2824 παῖδα
623 2744 698 2837 σήν
727 2747 956 2856 ἀφιγμένην·

179 2895 256 2968 πᾶς
284 2889 315 2966 δ’
344 2890 394 2968 εἷς
424 2886 515 2971 θέαν
543 2888 681 2988 ὅμιλος
708 2889 874 2998 ἔρχεται
903 2893 1045 3001 δρόμῳ,
1309 2910 1375 2977 350

179 3031 256 3123 σὴν
284 3034 388 3112 παῖδ’
415 3031 518 3113 όπως
544 3031 690 3113 ἰ’δωσιυ·
732 3037 766 3114 οἱ
795 3036 826 3114 δ
857 3035 1073 3137 εὐδαίμονες

178 3184 220 3256 ἐν
240 3184 343 3257 πᾶσι
362 3177 511 3258 κλεινοὶ
529 3177 596 3257 καὶ
612 3178 881 3285 περίβλεπτοι
901 3181 1091 3288 1βροτοῖς.
1242 3198 1376 3280 1βρωτῶν

180 3317 350 3421 λέγουσι
379 3319 409 3397 δ’
420 3349 429 3367 ·
459 3317 661 3421 Ὑμέναιός
691 3354 762 3417 τις,
794 3321 817 3414 ἢ
844 3322 886 3404 τί
914 3320 1147 3430 πράσσεται
1161 3357 1229 3420 3-

178 3461 201 3554 ἢ
229 3458 351 3542 πόθου
378 3458 481 3566 ἔχων
509 3461 706 3569 θυγατρός
734 3463 989 3566 Ἀγαμέμνων
1019 3464 1125 3577 ἅναξ

177 3602 338 3704 ἐκόμισε
367 3601 487 3681 παῖδα
497 3610 647 3698 ;-τὼ’ν
674 3605 705 3683 δ’
733 3605 781 3684 ἂν
808 3603 977 3698 ἤκουσας
1006 3609 1113 3690 τόδε·
1309 3621 1374 3690 355

177 3744 376 3853 Ἀρτέμιδι
405 3746 696 3859 προτελίζουσι
726 3747 799 3841 τήν
829 3751 980 3834 νεανίδα

178 3891 346 3973 Αὐλίδος
375 3889 548 4005 α’νόσση·
580 3891 641 3973 τίς
672 3926 727 3972 νιν
756 3890 903 4004 ἄξεταί
930 3889 1118 3992 ποτἐ;-

177 4043 276 4116 ἀλλ’
304 4032 377 4130 εἷα,
407 4035 511 4115 τάπὶ
539 4036 681 4117 τοισίδ’
709 4035 884 4147 ἐξάρχου
911 4046 1024 4137 κανᾶ,

297 4309 361 4369 339.
382 4287 528 4362 ω’νόμασᾶς
541 4289 608 4348 ποτ’
620 4291 648 4350 ἐν
662 4290 753 4365 δόμοις
1013 4314 1050 4372 34
1053 4314 1079 4377 ς.
1100 4299 1190 4354 πόλοί
1203 4297 1228 4370 γ’

296 4407 361 4463 341.
383 4387 460 4446 κόπτε
474 4389 621 4469 τερφθείης
1012 4415 1077 4475 349.
1099 4394 1176 4474 διιῑξε

296 4501 361 4557 343.
383 4480 508 4562 Εὔρυτον
522 4480 601 4564 πόρα
620 4489 622 4494 ’

288 4589 310 4653 3
