3130 5076
192 547 239 610 18
635 526 928 601 ΕΥΡΙΠΙΔΟΥ

186 736 469 848 στεφανοῦσθε
496 740 636 842 κρᾶτα·
666 733 730 812 καὶ
759 731 824 828 σύ,
854 731 1060 814 Μενέλεως
1089 733 1204 843 άναξ,

185 876 364 978 ὑμέναιον
392 874 613 983 εὐτρέπιζε,
644 874 709 953 καὶ
736 871 839 953 κατά
867 872 1019 976 στέγας

187 1018 317 1102 λωτθς
344 1019 526 1117 βοάσθω,
556 1017 623 1097 καὶ
649 1016 776 1097 ποδῶν
803 1014 911 1097 ἔστω
939 1016 1099 1100 κτύπος·

171 1167 270 1273 Ιφῶς
296 1159 376 1269 γάρ
404 1159 488 1242 πόδ’
518 1157 596 1250 ἥκει
623 1157 811 1265 μακάριον
839 1166 890 1270 τῇ
917 1159 1106 1267 παρθένῳ.

65 1319 147 1392 ΑΓ.
186 1300 361 1414 ε’πῄνεσ·
392 1300 505 1383 α’λλά
534 1311 677 1407 στεῖχε
705 1299 889 1402 δωμάτων
915 1299 1007 1383 ἔσω·

188 1445 242 1530 τά
272 1447 303 1525 δ’
331 1444 441 1543 ἄλλ’,
472 1446 602 1537 ἰούσης
630 1453 701 1538 τῆς
729 1444 864 1553 τύχης,
893 1445 1014 1528 ἔσται
1043 1455 1186 1532 καλῶς.

188 1594 306 1694 οἴμοι,
335 1593 380 1673 τύ
406 1599 470 1703 φῶ
497 1591 711 1686 δύστηνος;
741 1592 908 1704 ἄρξομαι
936 1593 1076 1689 πόθεν;

188 1743 238 1822 εἰς
266 1737 318 1820 οἷ’
346 1736 516 1840 α’νάγκης
546 1738 733 1849 ζεύγματ’
761 1739 1084 1843 ἐμπεπτώκαμεν.

190 1885 340 1978 ὑπῆλθε
368 1884 527 1985 δαίμων,
559 1879 667 1968 ῶστε
696 1891 774 1964 τῶν
803 1886 1070 1997 σοφισμάτων

189 2033 335 2134 πολλῷ
361 2023 548 2127 γενέσθαι
576 2033 656 2106 τῶν
683 2032 783 2130 ἐμῶν
810 2026 1051 2140 σοφώτερος.

189 2177 212 2264 ἡ
241 2168 449 2273 δυσγένεια
478 2170 508 2250 δ’
537 2175 583 2248 ῶς
608 2168 693 2277 ἔχει
722 2207 764 2252 τι
793 2169 1001 2279 χρήσιμον·

189 2318 255 2398 καὶ
282 2315 359 2427 γάρ
387 2318 576 2425 δακρῦσαι
603 2315 897 2425 ῥᾳδίωςιαύτοΐς
924 2317 1022 2425 ἔχει,

187 2458 350 2559 άνολβά
377 2466 416 2542 τ’
443 2461 572 2541 εἰπεῖν·
604 2468 664 2569 τῷ
691 2459 731 2544 δὲ
761 2460 923 2569 γενναίῳ
950 2461 1074 2574 φύσιν

190 2603 354 2688 ἅπαντα
381 2614 527 2688 ταῦτα·
566 2604 807 2714 προστάτην
834 2640 883 2686 τε
911 2614 987 2690 ποῶ
1015 2607 1107 2705 βίον

189 2748 264 2831 τδν
292 2750 411 2851 δῆμον
438 2746 594 2855 ἔχομεν,
626 2756 684 2858 τῶ
710 2757 748 2830 τ’
776 2747 889 2858 θχλιρ
917 2750 1163 2853 δουλεύομεν.

189 2891 267 2996 ἐγῶ
296 2890 375 2999 γάρ
404 2893 595 2989 ἐκβαλεῖν
621 2889 692 2993 μὲν
720 2893 897 2996 αἰδοῦμαι
925 2893 1055 3001 δάκρυ,

189 3035 240 3120 τθ
269 3035 321 3141 μὴ
350 3038 541 3146 δακρῦσαι
568 3038 600 3116 δ’
628 3034 733 3119 αὖθις
761 3038 938 3139 αἲδοῡμαι
967 3039 1112 3135 τάλας,

190 3184 241 3262 εἷς
269 3179 345 3263 τάς
371 3181 570 3284 μεγίστας
599 3181 801 3294 ξυμφορὰς
829 3181 1060 3295 α’φιγμένος.

190 3326 278 3408 εἷεν·
318 3325 361 3409 τί
389 3324 508 3439 φάσω
537 3323 631 3433 πρὸς
659 3325 842 3431 δάμαρτα
871 3322 946 3416 τὴν
974 3325 1089 3426 ἐμύν;

190 3481 270 3554 πῶς
297 3471 458 3583 δέξομαί
488 3505 543 3553 νιν
552 3506 563 3566 ;
593 3484 706 3552 ποῖον
734 3469 841 3573 ὄμμα
868 3474 1093 3571 συμβαλῶ;
1195 3512 1198 3523 ,

191 3615 257 3699 καθ
275 3615 354 3724 γάρ
372 3623 411 3720 μ’
430 3615 607 3698 α’πῶλεσ’
626 3617 692 3696 ἐπὶ
710 3629 851 3714 κακοῖς,
872 3615 898 3697 ά
916 3649 980 3718 μοι
1001 3615 1123 3724 πάρα,

203 3767 212 3789 2
295 3766 313 3782 θ
345 3765 355 3789 5
390 3759 408 3792 ιΙ
628 3761 637 3783 ’
675 3754 687 3788 Ι
857 3757 876 3787 ⁸!
904 3764 913 3788 ἱ
941 3756 960 3788 t!

192 3760 345 3843 ελθουσ
381 3773 567 3852 ακλητος.
607 3793 765 3840 εικοτως
792 3758 823 3838 δ’
850 3794 904 3861 ομ
940 3790 1094 3839 εσπετο

195 3905 367 4012 θυγατρὶ
395 3900 691 4017 νυμφεύσουσα,
721 3901 785 3982 καὶ
813 3899 865 3981 τά
894 3900 1087 4012 φίλτατα

194 4049 376 4146 δῶσουσ’,
406 4048 452 4130 ἵν’
480 4056 576 4150 ἡμᾶς
605 4047 724 4131 ὄντας
752 4046 904 4155 εὑρήσει
933 4045 1081 4128 κακούς.

312 4289 377 4367 365.
398 4286 520 4368 ἄρξομαι
538 4285 623 4348 σέθεν.
909 4309 973 4370 375.
994 4288 1071 4349 αύτις

311 4383 377 4458 366.
396 4381 631 4457 ε’μπεπτῶκαμενς
910 4388 974 4460 381.
996 4383 1166 4463 νυμφεύονσα

311 4497 376 4558 372·
399 4477 569 4559 προστάτην
582 4506 613 4553 γε
