3116 5074
189 549 246 619 (οι)
324 585 327 594 «
453 538 712 613 ΙΦΙΓΕΝΕΙΑ
748 541 786 612 H
815 541 880 615 EN
911 540 1116 618 ΑΥΛΙΔΙ.

412 745 478 824 καί
506 746 641 826 ταύτὰ
669 744 795 827 πάλιν
824 744 1043 853 γράμματα
1073 758 1254 856 συγχεῖς,

408 896 475 977 καί
501 873 886 1009 σφραγίζειςλύεις
913 904 952 978 τ’
979 897 1123 992 ὀπίσω,

406 1041 558 1147 ῥίπτεις
586 1077 634 1125 τε
662 1042 765 1150 πέδῳ
795 1041 954 1140 πεύκην,
985 1040 1155 1151 θαλερὸν

631 1187 738 1268 κατά
766 1187 886 1295 δάκρυ
914 1177 1033 1295 χέων,

407 1331 472 1408 καὶ
501 1338 582 1411 τῶν
609 1329 767 1439 α’πόριον
795 1330 945 1419 ούδένος
972 1332 1089 1412 ἐνδεῖς

629 1474 680 1578 μὴ
710 1484 755 1557 ού
783 1476 1006 1578 μαίνεσθαι.

406 1616 449 1696 τί
477 1629 631 1712 πονεῖς;
662 1617 704 1698 τί
734 1616 820 1699 νέον
848 1617 956 1725 πάρα
986 1653 1069 1711 σοι,
1100 1620 1281 1715 βασιλεῦ
1296 1651 1308 1711 ;

403 1760 513 1871 φέρε,
545 1762 752 1894 κοίνωσον,
762 1763 883 1863 μῦθον
911 1750 948 1843 ἐς
977 1770 1086 1863 ἡμᾶς·

404 1904 501 2012 πρὸς
529 1908 560 1986 δ’
589 1907 694 2013 ἄνδρ’
723 1904 877 2009 α’γαθόν
906 1904 1058 1995 πιστόν
1088 1939 1135 1985 τε
1164 1903 1344 2016 φράσεις·

404 2056 458 2160 σῇ
485 2048 565 2157 γάρ
592 2057 631 2152 μ’
658 2049 801 2156 α’λόχῳ
831 2047 932 2130 τότε
960 2048 1180 2156 Τυνδάρεως
1339 2060 1381 2126 45

626 2191 771 2293 πέμπει
800 2191 958 2304 φερνὴν,

488 2335 813 2448 ξυννυμφοκόμον
842 2369 889 2416 τε
918 2335 1076 2415 δίκαιον.

50 2598 136 2671 ΑΓ.
179 2584 370 2687 ἐγένοντο
400 2583 509 2694 Λήδᾳ
538 2581 734 2690 Θεστιάδι
764 2592 867 2689 τρεῖς
897 2580 1100 2690 παρθένοι,

178 2729 317 2824 Φοίβη,
347 2723 696 2835 Κλυταιμνήστρα
725 2733 763 2808 τ’
791 2723 864 2824 ἐμὴ
892 2722 1092 2836 ξυνάορος,

175 2868 314 2962 Ἑλένη
343 2899 406 2950 τε·
437 2867 588 2961 ταύτης
617 2872 651 2950 οῖ
682 2867 735 2951 τά
764 2877 889 2977 πρῶτ’
917 2866 1163 2972 ὠλβισμένοι
1335 2883 1381 2948 50

176 3020 398 3122 μνηστῆρες
425 3012 549 3107 ἦλθον
576 3015 771 3097 Ἑλλάδος
800 3015 959 3098 νεανίαι.

176 3159 297 3241 δειναί
326 3159 357 3238 δ’
385 3159 553 3240 α’πειλαῖ
582 3161 649 3239 καί
676 3169 765 3241 κατ’
793 3162 989 3254 α’λλιίλιυυ
1016 3161 1136 3274 φόνος

175 3311 400 3422 ξυνίσταθ’,
428 3306 545 3391 ὅστις
572 3308 625 3410 μὴ
655 3308 782 3407 λάβοι
811 3310 886 3406 τὴν
914 3309 1121 3412 παρθένον.

175 3451 228 3535 τδ
256 3460 425 3562 πρᾶγμα
454 3453 484 3532 δ’
512 3452 665 3559 α’πόρως
695 3451 778 3558 εἶχε
806 3451 1008 3560 Τυνδάρεῳ
1036 3453 1175 3562 πατρί,

174 3599 305 3682 δοῦναί
333 3632 379 3678 τε
407 3596 460 3699 μὴ
488 3598 619 3680 δοῦναί
647 3633 711 3692 τε,
741 3607 812 3696 τῆς
840 3599 965 3705 τύχης
994 3596 1096 3680 ὅπως

173 3744 322 3851 ἅψαιτ’
350 3743 511 3850 άριστα·
541 3744 606 3824 καί
637 3779 692 3825 νιν
721 3745 906 3838 εἰσῆλθεν
936 3743 1045 3826 τάδε·

171 3889 307 3997 ὅρκους
334 3888 530 4001 ξυνάψαι,
561 3886 688 3999 δεξιάς
716 3922 763 3968 τε
792 3890 1021 3990 συμβαλεῖν

172 4043 399 4142 μνηστῆρας
428 4033 670 4129 α’λλιίλοισι,
700 4034 765 4114 καί
793 4035 838 4113 δι’
867 4036 1044 4150 ἐμπύρων

172 4182 347 4294 σπονδάς
375 4186 563 4286 καθεῖναι,
596 4183 910 4290 κάπαράσασθαι
940 4182 1048 4281 τάδε,

289 4436 336 4492 42.
357 4420 387 4475 τί
399 4423 507 4488 πουεῖς;
529 4419 558 4474 τί
571 4423 661 4475 πονεῖς
669 4439 680 4488 3
1077 4423 1123 4496 46.
1145 4418 1251 4496 πέμπεν

376 4516 406 4570 τί
418 4511 477 4575 νέου
484 4537 494 4585 ,·
516 4517 545 4571 τί
559 4510 616 4574 νέου
630 4512 693 4593 περί
707 4511 761 4585 σοί,
776 4511 900 4588 βασιλεύ
906 4538 916 4586 ,·
