3116 5074
181 569 257 638 (33⁵)
459 553 723 629 ΙΦΙΓΕΝΕΙΑ
753 557 788 633 Η
819 560 884 631 ΕΝ
916 559 1121 632 ΑΥΛΙΔΙ.
1342 577 1386 639 13

184 757 387 858 βούλομαι
416 757 459 839 δέ
487 769 528 841 σ’
557 761 786 873 ἐξελέγξαι·
817 765 883 844 καί
912 765 964 846 σι)
992 764 1084 866 μήτ’
1112 774 1230 874 ὀργῆς
1259 765 1335 849 ὕπο

710 905 793 966 Ῑοίίτ’
813 907 849 966 αὖ
869 907 895 966 τ’
914 909 1023 984 ἀλγυνῶ
1045 913 1108 968 λίαν
1127 909 1189 984 έγά.

185 997 421 1106 ἀποτρέπου
450 1002 639 1096 τάληθὲς,
670 1001 801 1085 ιοὗτοι
831 1016 1007 1088 καταινῶ
1037 1007 1130 1088 λίαν
1158 1016 1198 1089 σ’
1227 1008 1318 1111 ἐγώ.

186 1141 301 1240 οἶσθ’,
332 1139 393 1224 ὅτ’
425 1143 665 1255 ἐσπούδαζες
694 1145 833 1254 άρχειν
861 1150 1074 1231 Δαναΐδαις
1102 1149 1199 1258 πρδς
1217 1149 1361 1246 Ἴλιον,

187 1293 246 1397 τῷ
273 1288 398 1367 δοκεῖν
427 1286 497 1388 μέν
525 1291 617 1395 ου’χί
645 1290 813 1403 χρῆζων,
844 1300 903 1400 τῷ
931 1293 971 1374 δέ
992 1294 1218 1390 βούλεσθαι
1248 1293 1403 1414 θέλων,

186 1437 233 1510 ῶς
262 1429 447 1510 ταπεινδς
476 1428 595 1530 ῆσθα,
634 1432 766 1527 πάσης
795 1435 922 1547 δεξιῶς
951 1438 1269 1545 προσθιγγάνων,
1327 1455 1392 1520 260

187 1575 253 1654 καί
273 1573 387 1682 θάρας
406 1575 510 1681 έχων
529 1577 770 1659 ἀκλείστους
789 1586 847 1688 τῷ
867 1579 1030 1663 θέλοντι
1050 1584 1244 1685 δημοτῶν,

188 1715 253 1797 καί
281 1717 404 1800 διδοδς
432 1717 657 1827 πρόσρησιν
685 1723 774 1832 ἑξῆς
803 1731 923 1815 πᾶσι,
955 1724 1010 1802 κεῖ
1038 1726 1092 1824 μῆ
1120 1758 1182 1804 τις
1211 1724 1336 1824 θέλοι,

188 1871 273 1941 τοῖς
302 1859 466 1967 τρόποις
488 1863 618 1972 ζητῶν
646 1862 839 1971 πρίασθαι
866 1863 919 1945 τδ
938 1862 1159 1976 φιλότιμον
1185 1873 1229 1946 ἐκ
1248 1864 1389 1965 μέσον.

189 2007 275 2117 κᾷτ’
291 2010 379 2089 ἐπεὶ
393 2010 594 2116 κατέσχες
609 2011 750 2117 ἀρχάς,
772 2011 1020 2113 μεταβαλῶυ
1035 2011 1188 2094 ἀλλους
1203 2010 1390 2120 τρόπους,

190 2164 273 2234 τοῖς
301 2154 486 2265 φίλοισιν
520 2163 588 2236 οὐκ
625 2155 685 2236 ἔτ’
722 2154 827 2250 ῆσθα
856 2167 939 2237 τοῖς
977 2156 1081 2264 πρίν,
1118 2164 1164 2237 ῶς
1202 2155 1390 2263 πρόσθεν,

412 2298 544 2409 φίλος,
1328 2310 1393 2375 265

190 2442 473 2552 δυσπρόσιτος,
513 2443 595 2525 έσω
622 2477 671 2526 τε
710 2442 908 2551 κλείθρων·
927 2445 1107 2526 σπάνιος.
1137 2443 1259 2552 ἀνδρα
1288 2446 1318 2524 δ’
1348 2451 1393 2526 ου’

412 2587 540 2697 χρεῶν

191 2737 265 2819 τόν
293 2735 461 2840 ἀγαθὸν,
497 2735 741 2844 πράσσοντα
774 2734 952 2838 μεγάλα,
982 2735 1075 2818 τούς
1104 2735 1277 2844 τρόπους
1305 2739 1393 2838 μεθ-

417 2877 595 2974 ιστάναι,

192 3024 310 3109 ἀλλά
335 3025 401 3104 καί
428 3023 602 3122 βέβαιον
631 3024 728 3105 εἶναι
756 3023 858 3106 τότε
885 3022 1073 3124 μάλιστα
1102 3036 1188 3104 τοῖς
1215 3026 1364 3136 φίλοις,

193 3168 284 3263 ἡνίκ’
312 3172 483 3276 ἀφελεῖν
510 3163 702 3266 μάλιστα
730 3165 897 3247 δυνατός
925 3173 1042 3248 ἐστιν
1071 3173 1260 3275 εὐτυχῶν.

192 3318 327 3392 ταῦτα
366 3309 438 3409 μέν
478 3343 528 3389 σε
565 3315 691 3415 πρῶτ’
718 3312 910 3404 ἐπῆλθον,
944 3309 1007 3391 ἵνα
1037 3344 1087 3390 σε
1125 3314 1244 3420 πρῶθ’
1283 3311 1393 3421 εὖρον

414 3454 544 3536 κακόν.
1329 3469 1394 3535 270

192 3608 238 3679 ὠς
257 3601 288 3680 δ’
306 3606 344 3681 ἐς
365 3598 492 3680 Αὖλιν
513 3595 630 3690 ἦλθες
649 3595 770 3679 αὐτὸς
789 3603 850 3701 χά
870 3596 1138 3691 Πανελλήνων
1157 3598 1352 3706 στρατὸς,

192 3745 301 3828 οὐδὲν
330 3743 430 3840 ἦσθ’,
465 3749 564 3823 ἀλλ’
590 3737 854 3852 ἐξεπλήσσου
882 3747 934 3852 τῆ
961 3739 1067 3852 τάχη
1092 3749 1143 3853 τῆ
1173 3750 1253 3821 τῶν
1282 3744 1391 3836 θεῶν,

192 3891 321 3998 ου’ρίας
349 3897 507 3991 πομπῆς
536 3886 751 3995 σπανίζων,
793 3885 1006 3993 (Δαναΐδαι
1036 3886 1066 3964 δ’
1095 3890 1254 3998 ἀφιέναι

194 4042 281 4116 ναῦς
310 4031 571 4135 διήγγελλον,
602 4029 732 4131 μάτην
760 4028 801 4112 δέ
829 4029 880 4130 μῆ
910 4040 1041 4110 πονεῖν
1069 4037 1111 4111 ἐν
1144 4033 1302 4142 Αὐλίδι)

312 4325 378 4382 260.
398 4319 429 4391 ῆς
446 4320 558 4389 ἀπάσης
835 4323 901 4380 266.
923 4319 1055 4391 σπάνιος;

312 4420 378 4478 261.
399 4415 558 4498 ἀκλῄστους
833 4435 899 4494 270.
921 4419 1017 4474 ταῦτα
1030 4417 1078 4489 μέν
1091 4445 1172 4479 σοι..
1184 4419 1268 4500 .εἷίριυ

313 4518 379 4591 263.
399 4513 427 4572 έκ
443 4513 545 4586 μέσους
834 4531 901 4591 271.
921 4511 1001 4582 ἦλθες
1015 4512 1087 4572 αὖθις
