3116 5074
211 473 264 538 42
482 527 486 536 .
658 461 952 537 ΕΥΡΙΠΙΔΟΥ

92 668 165 743 XO
210 666 367 780 ἔλεξας,
398 665 427 748 ὦ
455 680 531 748 παῖ
556 667 732 762 Πηλέως,
762 676 838 751 σοῦ
866 676 905 748 τ’
932 668 1043 780 ἄξια,

211 812 278 892 καί
305 821 377 905 τῆς
404 813 564 894 ἐναλίας
592 814 784 918 δαίμονος,
814 821 959 916 σεμνῆς
986 816 1089 900 θεοῦ.
1117 890 1129 904 ,

89 956 174 1030 ΚΛ·
211 963 302 1066 φεύ.
332 963 412 1044 ταῖς
440 957 488 1037 ἄν
516 965 557 1039 σ’
583 957 834 1060 ἐπαινέσαιμι
863 957 915 1061 μὴ
945 959 1038 1041 λίαν
1067 961 1217 1062 λόγοις,

210 1102 302 1205 μήτ’
330 1101 473 1202 ἐνδεῶς,
501 1101 592 1204 μήτ’
620 1100 869 1205 ἀπολέσαιμι
899 1102 974 1196 τὴν
1001 1105 1138 1212 χόριος

211 1246 426 1349 αἰνούμενοι
455 1246 535 1355 γὰρ
563 1249 720 1349 α”γαθοί
748 1245 899 1354 τρόπον
928 1248 1018 1330 τινὰ

209 1398 375 1494 μισοῦσι
404 1390 496 1473 τούς
515 1393 733 1489 αἰνοῦντας,
764 1392 807 1484 ἣν
836 1394 969 1474 αίυῶσ’
997 1390 1115 1495 ι’ίγαν.

209 1535 451 1642 αἰσχύνομαι
483 1535 523 1616 δὲ
551 1533 825 1646 παραφέρουσ’
853 1535 1029 1641 οἰκτρούς
1058 1533 1220 1637 λόγους,

207 1679 285 1790 ἰδίᾳ
315 1687 504 1764 νοσοῦσα·
536 1678 588 1760 σύ
616 1678 647 1756 δ’
676 1675 819 1759 ἄνοσος
848 1686 974 1758 κακῶν
1001 1685 1117 1778 ἐμῶν·

209 1831 309 1906 ἀλλ’
338 1821 404 1906 ούν
431 1823 514 1929 ἔχει
545 1856 585 1903 τι
614 1829 770 1928 σχῆμα,
800 1821 872 1904 κᾶν
899 1821 1054 1906 οίπαιθεν
1082 1823 1117 1936 ᾗ,

211 1963 307 2071 α’νὴρ
336 1969 357 2045 ὁ
385 1961 565 2071 χρηστὸς
593 1963 898 2071 δυστυχοῦντας
925 1972 1109 2078 ὠφελεῖν.

211 2109 379 2217 οἴκτειρε
408 2109 440 2192 δ’
468 2116 578 2210 ἡμᾶς·
607 2108 745 2220 οίκτριί
774 2109 855 2218 γὰρ
883 2109 1144 2213 πεπόνθαμεν·

208 2253 402 2360 ἣπραῖτα
431 2250 501 2354 μὲν
529 2251 578 2336 σὲ
605 2251 792 2360 γαμβρόν
820 2255 980 2347 οίηθεῖσ’
1008 2253 1130 2361 ἔχειν,

211 2396 323 2490 κενὴν
351 2395 558 2504 κατέσχον
589 2397 728 2479 ἐλπίδ’.
776 2396 866 2479 εἶτα
894 2398 963 2479 σοι’
991 2397 1103 2505 τύχα

212 2540 313 2651 όρνις
341 2540 488 2645 ’γένοιτ’
516 2541 577 2640 α’ν,
605 2555 691 2625 σοῖς
719 2577 767 2625 τε
795 2543 1020 2643 μέλλουσιν
1046 2545 1200 2647 γόμοις,

212 2685 372 2769 θονοῡσ’
399 2684 470 2786 ἐμὴ
500 2695 601 2766 παῖς·
633 2680 655 2763 ό
682 2716 731 2765 σε
759 2682 1024 2796 φυλάξασθαι
1051 2683 1187 2792 χρεόν.

212 2838 311 2913 ἀλλ’
339 2829 381 2913 εὖ
408 2828 478 2931 μὲν
505 2829 631 2938 ἀρχιίς
659 2829 780 2926 εἶπας,
811 2827 853 2912 εὖ
880 2828 921 2911 δὲ
950 2831 1015 2910 καί
1043 2830 1157 2922 τέλη·

213 2983 290 3060 σοῦ
316 2975 397 3084 γὰρ
424 2973 627 3072 θέλοντος,
656 2986 746 3056 παῖς
773 2975 843 3076 ἐμὴ
872 2973 1115 3067 σωθήσεται.

214 3118 356 3217 βούλει
386 3154 442 3200 νιν
470 3118 592 3202 ἱκέτιν
619 3117 696 3200 σόν
724 3117 965 3229 περιπτύξαι
992 3118 1114 3220 γόνν;

212 3263 486 3372 ἀπαρθένευτα
513 3264 585 3367 μὲν
614 3263 716 3345 τόδ’·
748 3266 780 3344 εί
808 3263 850 3345 δέ
878 3295 946 3344 σοι
974 3264 1092 3357 δοκεῖ,

215 3407 297 3522 ἥξει
326 3409 372 3489 δι’
400 3407 539 3505 αἰδοῦς,
568 3405 658 3510 ὄμμ’
685 3406 823 3515 ἐχουσ’
849 3406 1071 3516 ἐλεύθερον.

214 3555 237 3651 ἢ
265 3553 318 3659 μὴ
346 3552 558 3663 παρούσης,
590 3552 721 3636 ταύτὰ
750 3552 940 3666 τεύξομαι
967 3552 1102 3648 σε’θεν;

92 3710 178 3786 Ax.
214 3695 362 3802 μενέτω
391 3704 479 3778 κατ’
508 3696 642 3777 οίκους·
672 3694 799 3796 σεμνοί
827 3696 905 3803 γὰρ
933 3695 1181 3797 σεμνύνεται.

93 3850 179 3928 ΚΛ.
213 3844 311 3948 ὅμως
339 3842 383 3942 δ’,
412 3839 510 3924 όσον
538 3873 587 3943 γε
615 3839 798 3934 δυνατόν,
828 3841 1020 3922 αἰδεῖσθαι
1049 3841 1186 3949 χρεόν.

96 3993 182 4073 AX.
214 3986 268 4071 σύ
294 3986 396 4090 μήτε
425 3983 500 4079 σύν
528 3985 633 4067 παῖδ’
660 3982 773 4097 ἔξαγ’
802 3983 902 4092 ὄψιν
930 3985 981 4064 είς
1008 3984 1117 4086 ἐμὴν,

373 4247 439 4306 88!-
461 4246 487 4301 σι’
498 4241 587 4316 ’γαθοί
889 4245 955 4324 889.
976 4240 1040 4301 είτό
1053 4268 1098 4301 σοι

367 4335 440 4406 ’88οζ
460 4337 611 4401 εὀίνιαίνιὲἐ
886 4343 954 4420 890.
975 4345 1051 4397 τοῖσι
1064 4368 1107 4413 pro
1121 4347 1180 4398 σοῖς
1194 4365 1226 4398 τε

373 4440 438 4498 888.
457 4433 505 4508 μέν
517 4461 551 4493 σε
