3116 5074
209 504 255 580 16
649 511 943 586 ΕΥΡΙΠΙΔΟΥ
1327 535 1401 600 (ιιι)

201 711 262 792 ούς
290 713 431 809 λαβάν
459 714 653 822 στράτεν’
679 717 850 824 (ἕτοιμοι
882 719 913 798 δ’
940 721 1037 827 εἶσί)
1066 721 1188 830 μωρίᾳ
1217 729 1382 834 φρενῶν·

199 867 245 941 ού
272 863 352 967 ’γάρ
381 860 579 943 ἀσύνετον
608 863 657 943 τὸ
686 867 802 962 θεῖον,
833 873 931 945 ἀλλ’
959 862 1045 970 ἔχει
1074 863 1243 975 ξυνιέναι
1333 877 1398 942 316

197 1007 292 1088 τούς
320 1017 444 1088 κακῶς
473 1009 678 1109 παγέντας
705 1008 839 1118 ὅρκους
868 1012 933 1091 καί
961 1010 1364 1121 ξυνηναγκασμένους·

196 1154 307 1258 τάμά
329 1156 447 1236 δὀὐκ
466 1163 676 1238 ἀποκτενῶ
694 1158 764 1258 ἠῶ
785 1155 920 1238 τέκνα·
951 1158 1019 1238 καί
1036 1158 1087 1239 τὸ
1108 1157 1185 1240 σὸν
1204 1158 1274 1259 μὲν
1294 1156 1337 1238 εὖ

194 1300 305 1409 παρά
333 1298 436 1390 δίκης
463 1298 600 1399 ἔσται,
632 1302 825 1392 κακίστης
853 1301 994 1383 εὐνίδος
1023 1301 1205 1409 τιμωρία,

194 1447 262 1548 ἐμὲ
291 1446 331 1526 δὲ
361 1444 608 1556 συντήξουσι
640 1446 774 1527 νύκτες
802 1449 939 1555 ἡμέραι
967 1482 1015 1528 τε
1044 1447 1229 1555 δακρύοις,
1330 1461 1396 1526 320

194 1588 320 1691 ἀνομα
351 1591 505 1698 δρῶντα
530 1597 600 1673 κού
628 1591 757 1670 δίκαια
787 1592 941 1686 παῖδας,
970 1589 1033 1672 ούς
1061 1590 1282 1693 ἐγεινάμην.

194 1733 330 1817 ταῡτά
359 1769 426 1815 σοι
456 1733 618 1842 βραχέα
647 1736 859 1828 λέλεκται,
890 1735 957 1814 καί
985 1741 1113 1843 σαφῆ,
1136 1735 1210 1818 ,καί
1237 1732 1362 1844 ῥᾴδια·

194 1882 226 1960 εἰ
257 1877 297 1960 δὲ
325 1878 377 1981 μὴ
405 1877 547 1975 βούλει
577 1889 735 1992 φρονεῖν
763 1877 819 1972 εύ,
850 1885 946 1980 τάμ’
974 1877 1053 1981 ἐγὼ
1082 1877 1190 1970 θήσω
1212 1887 1363 1966 καλῶς.

71 2024 157 2096 XO·
192 2023 263 2104 οἵδ’
291 2023 341 2106 αὖ
369 2023 548 2136 διάφοροι
579 2027 660 2102 τῶν
687 2020 810 2129 πάρος
840 2022 1095 2122 λελεγμένων

173 2157 176 2164 ’
192 2170 333 2271 μύθων·
363 2176 493 2250 καλῶς
521 2168 552 2246 δ’
580 2165 736 2272 ἔχουσι,
767 2165 973 2278 φείδεσθαι
1001 2163 1164 2246 τέκνων.
1330 2179 1396 2246 325

70 2325 157 2399 ME.
192 2312 248 2415 αῖ,
280 2311 337 2392 αἶ·
368 2313 512 2426 φίλους
539 2308 599 2418 ἀρ’
626 2309 719 2416 οὐχί
746 2308 939 2410 κέκτημαι
968 2310 1112 2390 τάλας.

68 2470 148 2544 ΑΓ.
191 2459 223 2537 εί
251 2455 342 2537 τούς
370 2455 513 2567 φίλους
540 2487 589 2556 γε
618 2450 670 2554 μὴ
699 2452 826 2534 θέλεις
854 2453 1099 2534 ἀπολλύναι.

69 2615 156 2687 ME.
190 2603 323 2713 δείξεις
351 2602 392 2682 δὲ
420 2607 497 2680 ποιῖ
524 2633 590 2701 μοι
618 2598 771 2707 πατρὸς
799 2609 843 2680 ἐκ
871 2607 1026 2682 ταύτοῦ
1053 2598 1203 2705 γεγῶς;

68 2762 149 2836 ΑΓ.
190 2752 489 2859 ξυσσιοφρονεῖν
516 2744 613 2854 ηάρ,
642 2746 735 2850 ούχί
763 2758 984 2842 συννοσεῖν,
1014 2747 1125 2857 ἔφυν.

70 2905 158 2979 ΜΕ,
192 2887 243 2966 είς
269 2883 398 2967 κοινὸν
426 2891 571 2984 ἀλγεῖν
600 2893 683 2963 τοῖς
710 2880 873 2993 φίλοισι
902 2883 980 2991 χρὴ
1007 2884 1166 2996 φίλους.
1327 2899 1394 2966 330

67 3050 149 3124 ΑΓ,
193 3030 235 3112 εὖ
260 3032 357 3137 δρῶν
386 3025 611 3135 παρακάλει
639 3033 690 3127 μ’,
721 3025 836 3106 ἀλλά
865 3024 917 3127 μὴ
946 3037 1083 3109 λυπῶν
1111 3027 1192 3130 ἐμέ.

68 3193 156 3266 ΜΕ,
190 3183 259 3260 οὐκ
288 3178 364 3283 ἀρα
394 3175 501 3253 δοκεῖ
524 3205 591 3253 σοι
620 3168 716 3250 τάδε
745 3183 877 3252 πονεῖν
906 3170 975 3282 ξύν
1002 3171 1191 3270 Ἑλλάδι;

68 3337 148 3411 ΑΓ,
188 3319 337 3402 Ἑλλάς
365 3319 405 3398 δὲ
435 3316 510 3400 σὺν
539 3317 608 3397 σοί
624 3313 743 3397 ’,κατὰ
772 3318 868 3396 θεῶν
898 3328 1011 3397 νοσεῖ
1035 3352 1138 3400 τινα.

68 3480 155 3553 ME.
189 3463 382 3572 σκήπτρῳ
403 3497 467 3544 νυν
486 3465 617 3568 αύχει,
638 3459 713 3542 σδν
732 3460 980 3562 κασίγνητον
999 3461 1174 3571 προδούς·

189 3611 267 3713 ἐγὼ
295 3611 327 3689 δ’
355 3616 417 3691 ἐπ’
445 3606 580 3689 ἄλλας
607 3605 682 3708 εἶμι
712 3605 892 3711 μηχανάς
920 3642 1043 3706 τινας,

188 3756 331 3867 φίλους
360 3762 397 3834 τ’
425 3759 486 3832 ἐπ’
515 3749 680 3834 ἀλλους.
711 3823 715 3831 .
751 3765 757 3830 Ι
785 3807 788 3815 ›

189 4124 255 4187 315.
276 4075 461 4186 στροίτεύὲἠ’
483 4101 558 4175 οἶμαι
579 4099 600 4158 δ’
620 4102 687 4159 εἴσει
791 4119 856 4179 329.
879 4109 1083 4182 συνσωφρονεῖν
1104 4131 1149 4163 σοι
1176 4103 1305 4182 βούλομ’,
1330 4105 1387 4166 ἀλλ

188 4206 254 4276 316·
275 4214 359 4264 Deest.
946 4190 979 4249 ού
992 4205 1132 4270 συννοσεῖν

187 4317 253 4378 319.
274 4295 347 4377 πέρα
362 4294 433 4364 δίκης
787 4308 802 4365 3
808 4307 855 4365 3ο.
875 4285 902 4346 ἔς
915 4287 1006 4346 κοινάν

186 4415 252 4472 321·
272 4391 412 4468 εἠείναμεν
787 4403 853 4461 333·
874 4381 952 4442 κατά
964 4384 1027 4444 θεάν

186 4490 250 4564 326.
272 4480 548 4556 αίαί’.,.κεκτιίμην
789 4495 855 4555 334·
876 4477 972 4557 αύχεῖς
