3116 5074
177 535 252 607 (οι,
448 520 706 597 ιοινενεικ
736 525 770 595 H
801 522 865 597 EN
897 520 1103 597 Ανιιιιι.
1201 509 1203 519 ·
1324 533 1379 616 ³9

179 738 233 843 τῇ
258 763 308 812 τε
337 728 533 841 λεχθείσῃ
560 726 732 837 δάμαρτι
761 735 828 841 σῇ,
857 725 989 831 μάτην
1016 725 1103 829 μὲν,
1137 732 1237 808 ἀλλ’
1265 722 1378 827 ὅμως.

180 872 250 956 σοι’
275 872 576 979 καταστέψασ
602 871 684 975 ἐγαί
713 905 770 956 νιν
797 871 896 978 ἦγον
922 879 970 954 ὠς
996 869 1261 977 γαμουμένην,

183 1019 247 1094 νῦν
274 1012 306 1093 δ’
333 1013 402 1094 ἐπί
427 1012 596 1125 σφαγάς
623 1012 781 1124 κομίζω·
811 1015 939 1099 παῖδ’
966 1011 1110 1098 ὄνειδος
1136 1012 1286 1125 ἰ’ξεται,
1356 1061 1360 1069 -

182 1155 297 1237 ὅστις
324 1161 394 1238 οὐκ
421 1153 577 1261 ι’ίμυυας·
605 1159 638 1242 εί
665 1154 745 1266 γάρ
773 1155 825 1260 μὴ
852 1157 1044 1262 γάμοισιν
1071 1155 1232 1268 ε’ζιίγης,

182 1305 281 1381 άλλ’
306 1297 471 1393 ἐκλήθης
499 1307 598 1403 γοῦν
624 1302 817 1394 ταλαίνης
843 1301 1037 1410 παρθένου
1064 1302 1184 1416 φίλος
1211 1301 1345 1384 πόσις.

182 1441 279 1551 πρὸς
296 1439 494 1544 γενειάδος
512 1475 576 1539 σε,
597 1441 767 1552 πρός,σε
782 1445 922 1556 δεξιοῖς,
947 1444 1045 1553 πρὸς
1062 1442 1243 1553 μητέρος·
1315 1459 1380 1524 811

184 1586 308 1691 ὄνομα
327 1586 407 1696 γάρ
425 1585 476 1669 τὸ
494 1583 571 1670 σάν
589 1593 628 1689 μ’
646 1585 840 1684 α’πιίλεσ’,
861 1587 892 1698 ᾧ
909 1596 949 1672 σ’
969 1589 1177 1694 α’μυνάθειν
1196 1590 1333 1699 χρειίν.

184 1737 256 1813 οὐκ
283 1727 365 1838 έχω
394 1728 531 1829 βωμὸν
557 1740 811 1844 καταφυγεῖν
839 1727 989 1826 ἄλλον,
1018 1730 1042 1825 ἢ
1068 1731 1120 1812 τὸ
1148 1729 1224 1814 σὸν
1250 1729 1367 1832 γόνυ·
1417 1768 1419 1773 ·

185 1873 274 1958 οὐδὲ
292 1872 413 1986 φίλος
431 1871 553 1954 οὐδεὶς
570 1871 698 1954 πέλας
716 1904 796 1975 μοι·
819 1871 873 1956 τά
894 1873 927 1952 δ”
943 1872 1237 1975 Ἀγαμέμνονος
1254 1871 1383 1957 κλάεις

185 2019 284 2122 αἷμά,
306 2020 373 2101 καί
391 2016 606 2119 πάντολμ’.
634 2025 807 2130 α’φῖγμαι
826 2017 871 2114 δ’,
894 2013 1029 2126 ὥσπερ
1047 2019 1218 2128 εἰσορᾷς,
1238 2014 1336 2121 γυνὴ

187 2162 372 2248 ναυτικὸν
390 2161 613 2269 στράτευμ’
630 2160 822 2272 άυαρχου,
843 2163 941 2244 κάπί
957 2173 1042 2247 τοῖς
1060 2173 1190 2244 κακοῖς
1209 2161 1352 2271 θρασὺ,

187 2306 386 2417 χρήσιμον
414 2307 461 2409 δ’,
493 2303 610 2388 ὅταν·
624 2305 808 2390 θέλωσιν.
849 2305 894 2403 ἢν
920 2306 962 2390 δέ
990 2306 1201 2422 τολμήσῃς
1229 2306 1284 2394 σά
1309 2339 1386 2410 μου

187 2458 285 2560 χεῖρ’
305 2458 541 2560 ὑπερτεῖναι,
559 2451 799 2557 σεσοίσμεθ·
830 2449 875 2545 ἢν
892 2448 934 2535 δὲ
950 2449 1017 2556 μὴ,
1035 2457 1085 2534 ου’
1101 2450 1355 2555 σεσάσμεθα.

60 2605 153 2682 ΧΟ.
189 2590 312 2678 δεινάυ
339 2592 391 2677 τὸ
418 2598 585 2695 τίκτειν,
614 2597 681 2679 καί
707 2594 819 2710 φέρει
847 2596 1025 2710 φίλτρον
1050 2595 1170 2701 μέγα·

188 2741 316 2824 πᾶσίν
344 2774 393 2823 τε
420 2739 548 2824 κοινάν
575 2743 660 2823 ἐσθ’
688 2739 946 2849 ὑπερκάμνειν
973 2741 1136 2826 τέκνων.
1320 2753 1388 2826 820

64 2895 156 2970 Ax.
188 2880 443 2995 ὑψηλόφρων
468 2916 534 2984 μοι
563 2881 681 2988 θυμὸς
706 2883 864 2993 οίρεται
891 2885 1045 2994 πρόσω,

188 3026 413 3109 ἐπίσταται
442 3023 483 3110 δέ
512 3034 598 3108 τοῖς
624 3026 783 3109 κακοῖσί
809 3033 850 3110 τ’
877 3033 1087 3138 α’σχαλᾷν,

189 3168 352 3277 μετρίως
378 3199 428 3251 τε
455 3167 607 3274 χαίρειν
634 3178 768 3251 τοῖσιν
795 3166 1093 3280 ἐξωγκωμένοις.

190 3311 477 3416 λελογισμένοι
508 3311 589 3422 γάρ
616 3315 652 3394 οἱ
682 3314 818 3398 τοιοίδ’
845 3314 947 3398 είσίν
974 3316 1149 3422 βροτῶν,

190 3461 311 3569 ὀρθῶς
336 3458 474 3573 διαζῇυ
500 3455 576 3541 τὸν
603 3456 708 3555 βίον,
740 3455 892 3561 γυάμης
918 3456 1039 3559 μέτα.

190 3603 308 3687 έστιυ
335 3600 406 3707 μὲν
434 3599 501 3683 οὖν
526 3599 573 3682 ‘lv'
602 3598 670 3696 ἡδὺ
697 3597 748 3703 μὴ
777 3600 871 3682 λίαν
897 3612 1073 3712 φρονεῖν,

191 3746 308 3832 έστιν
335 3747 376 3831 δὲ
403 3745 543 3855 χῶπου
570 3744 769 3855 χρήσιμον
795 3741 953 3848 γνάμην
979 3741 1100 3854 ἔχειν.

191 3893 272 3999 ἐγοί
300 3893 347 3989 δ’,
375 3898 417 3976 ἐν
443 3890 581 4002 α’νδριίς
609 3887 921 3992 εὐσεβεστάτου
947 3871 1114 4007 τραφείς

194 4037 394 4148 Χείρωνος,
424 4033 568 4142 ἐ’μαθου
595 4031 687 4118 τοίς
715 4030 888 4147 τρόπους
915 4039 1071 4116 α’πλοῦς
1097 4033 1217 4143 ἔχειν·

275 4266 342 4325 811.
362 4258 432 4342 πρδς
454 4263 506 4331 σῆς
529 4258 630 4338 δεξιᾶς,
654 4257 725 4342 πρός
743 4283 778 4318 τε
875 4261 943 4320 818.
964 4256 1080 4333 εῖδὲμῆ

195 4355 315 4439 μητέρος
872 4355 939 4414 820.
959 4356 1046 4413 πασίν
1058 4379 1093 4416 τε
1106 4354 1204 4428 κοινάν,
1217 4355 1284 4418 ι’ίσθ

277 4458 343 4532 814.
366 4451 462 4513 Οιίδείς
476 4451 547 4530 γελᾷ
561 4475 607 4524 μοι
872 4452 939 4544 824,
962 4452 1029 4530 825,
1050 4459 1130 4512 Choro
1146 4461 1290 4511 tribuuntur.
