3116 5074
174 564 265 630 (ιοιι)
447 542 704 620 ΙΦΙΓΕΝΕΙΑ
736 550 772 619 H
803 549 868 621 EN
900 547 1107 622 ΑΥΛΙΔΙ.
1323 561 1374 622 45

176 803 182 816 =
227 803 229 810 ι
289 749 472 855 μελῳδοὶ,
504 748 626 830 Θέτιν
655 751 837 858 α’χήμασι
868 753 944 833 τόν
972 761 1009 832 τ’
1042 750 1230 831 Αἰακίδαν

455 892 689 1000 Κενταύρων
718 903 776 975 α’ν’
803 895 915 1000 ὄρεσι
944 896 1085 977 κλέου-

507 1037 790 1133 σαιΠηλιάδα
820 1045 903 1123 καθ’
932 1043 1058 1135 ύλαν;

513 1191 534 1261 ὁ
563 1184 604 1264 δὲ
634 1185 892 1292 Δαρδανίδας,
923 1187 1017 1270 Διὸς

511 1330 689 1440 λέκτρων
717 1330 904 1443 τρύφημα
932 1332 1071 1444 φίλον,

453 1474 693 1610 χρυσεόισιυ1
718 1471 884 1587 άφυσσε
914 1489 999 1558 λοι·

456 1611 537 1711 βάν
564 1619 607 1694 ἐν
635 1613 840 1722 κρατήρων
867 1615 1047 1718 γυάλοις,

514 1766 536 1838 ὁ
565 1761 728 1867 Φρύγιος
756 1763 990 1865 Γανυμήδης.

456 1902 565 2011 παρά
595 1904 637 1986 δὲ
667 1914 872 2020 λευκοφαῆ
900 1907 1095 2012 ψάμαθον
1317 1922 1382 1986 955

517 2044 795 2158 εἱλισσόμεναι
823 2047 954 2156 κύκλῳ
999 2131 1004 2144 ,

510 2191 763 2287 πεντήκοντα
793 2192 905 2298 κόραι
933 2201 1013 2286 Νη-

515 2333 606 2439 ρέως
634 2333 784 2436 γάμους
812 2334 1046 2443 ἐχόρευσαν.

205 2555 208 2562 .
292 2477 365 2560 α’νά
384 2479 416 2558 δ’
430 2476 639 2576 ἐλάταισι,
660 2476 908 2592 στεφανιόδει
929 2514 977 2560 τε
992 2467 1120 2590 χλόα,
1155 2481 1380 2582 ἀναστροφή.

462 2620 599 2703 θίασος
626 2619 772 2723 ἔμολεν
800 2623 1031 2720 ἱπποβότας
1317 2637 1383 2703 960

461 2761 696 2870 Κενταύρων
723 2764 791 2843 ἐπὶ
818 2764 939 2845 δαῖτα
968 2765 1046 2846 τάν

517 2910 612 2989 θεῶν
639 2907 819 3014 κρατῆρά
847 2944 896 2990 τε
926 2911 1095 3018 Βάκχου.

1318 3397 1382 3460 965

569 3539 712 3632 Φοῖβος
741 3546 762 3618 ὁ
791 3538 945 3638 μάντις,
974 3549 995 3620 ὁ
1025 3550 1179 3643 μουσᾶν
1208 3551 1245 3623 τ’

630 3683 732 3765 εἷδιύς
759 3685 965 3786 γευνάσεις

574 3847 721 3956 Χείρων
749 3847 1039 3959 ἐξονόμασσεν,

294 3988 335 4071 ὃς
363 3989 446 4101 ήξει
475 3987 602 4095 χθόνα
637 3988 864 4094 λογχήρεσι
894 3988 969 4070 σύν
997 3989 1252 4092 Μυρμιδόνων

863 4229 933 4305 965.
956 4225 1050 4337 παῖδες
1063 4231 1094 4285 αι’
1107 4229 1270 4287 Θεσσαλαῖ’

263 4327 329 4404 948.
350 4321 378 4382 ἕν
391 4320 471 4402 ὄρεσι
486 4321 617 4381 κλύουσαι
863 4320 930 4398 966.
951 4344 1046 4392 μαντις
1060 4319 1078 4378 ό
1090 4322 1206 4399 Φοῖβος,

265 4417 330 4496 956.
353 4413 447 4475 κύκλια
866 4417 932 4494 968.
953 4411 1129 4494 ἔξωνόμασεν
1175 4441 1177 4448 ’

265 4531 331 4594 957·
354 4513 471 4594 Νιρῆος
