3116 5074
182 541 275 612 ,(1311)
456 528 715 602 ΙΦΙΓΕΝΕΙΑ
745 528 782 598 Η
812 528 878 601 EN
908 528 1115 601 ΑΥΛΙΔΙ.
1334 537 1387 624 59

41 747 153 822 ΑΧ.
185 733 341 842 εἰσορᾷς
355 732 482 839 τεύχη
496 713 696 847 φέροντας
710 733 870 830 τούσδ’;
902 739 985 815 ΚΛ.
1002 733 1111 816 ὄναιο
1127 700 1207 816 τῶν
1220 741 1384 847 φρενῶν.

39 890 149 966 ΑΧ.
184 884 283 957 ἀλλ’
301 878 585 980 ὀνησόμεσθα.Ι
628 885 715 977 ΚΛ.
744 885 837 960 παῖς
855 881 917 986 ἀρ’
937 880 1069 963 ου’κέτι
1090 879 1383 991 σφαγήσεται;

37 1035 147 1111 AX,
182 1016 264 1113 οὒκ,
284 1025 381 1120 ἐμοῦ
399 1027 440 1122 γ’
457 1019 631 1103 ἑκόντος.
664 1029 749 1105 ΚΛ.
775 1021 867 1133 ἥξει
880 1021 911 1142 δ’
930 1018 1046 1103 ὅστις
1064 1019 1224 1128 ἅψεται
1245 997 1383 1133 κύρηςξ

36 1181 148 1254 ΑΧ.
181 1168 310 1278 μυρῖοι
324 1171 386 1272 γ’·
408 1170 497 1280 ἄξει
517 1170 549 1250 δ’
566 1168 795 1253 Ὀδυσσεύς.
826 1176 912 1252 ΚΛ.
932 1166 992 1276 ἆρ’
1006 1176 1030 1249 o‘
1045 1167 1228 1282 Σισύφου
1243 1165 1382 1270 γόνος;

39 1325 147 1400 ΑΧ,
183 1297 443 1391 αύτθςοθτος.
463 1315 551 1392 ΚΛ.
564 1309 642 1390 ἰ’δια
653 1310 863 1418 πράσσων,
877 1308 902 1405 ἢ
911 1317 1098 1417 στρατοῦ
1109 1306 1382 1417 ταχθεὶςύπος

37 1469 145 1546 ΑΧ.
179 1455 344 1562 αἱρεθεὶς
362 1452 467 1536 ἑκιύν.
497 1462 582 1536 ΚΛ.
603 1455 778 1565 πονηρῶν
792 1463 831 1559 γ’
852 1454 1017 1566 α’ίρεσιν,
1034 1467 1266 1570 μιαιφονεῖν.
1298 1471 1385 1537 1250

37 1614 143 1689 AX.
177 1603 277 1679 ἀλλ’
289 1599 366 1700 ε’γῶ
378 1599 525 1707 σχύσιυ
542 1635 610 1683 νιν.
641 1608 726 1682 ΚΛ.
746 1597 833 1712 ἄξει
845 1595 876 1681 δ’
891 1608 968 1708 οὐχ
982 1606 1155 1682 ἑκοῦσαν
1170 1598 1360 1710 ἀρπάσας
1370 1629 1381 1695 ;

39 1758 143 1831 ΑΧ.
178 1737 328 1835 δηλαδὴ
346 1743 489 1853 ξανθῆς
508 1743 665 1852 ἐθεῖρης.
696 1751 784 1824 ΚΛ.
806 1743 875 1845 ἐμὲ
894 1741 934 1825 δὲ
955 1741 1032 1853 χρὴ
1053 1743 1099 1824 τί
1116 1745 1209 1855 δρᾷν
1227 1741 1331 1826 τθτε
1341 1778 1354 1837 ;

40 1901 141 1978 ΑΧ.
178 1886 353 1995 ἀντέχου
369 1889 578 1996 θυγατρός.
609 1897 693 1971 ΚΛ.
714 1899 760 1972 ῶς
776 1893 882 1973 τοῦδ’
898 1889 1019 1973 οὕνεκ’
1035 1898 1080 1974 ου’
1095 1889 1379 2005 σφαγήσεται.

40 2048 142 2123 ΑΧ.
178 2032 294 2114 ἀλλά
313 2033 387 2136 μὴν
406 2033 458 2115 εἷς
479 2033 633 2116 ταύτὸν
653 2033 750 2147 ἥξει.

699 2185 762 2259 ΙΦ.
810 2187 955 2289 μῆτερ,
979 2173 1270 2261 εῖσακουστέον

176 2331 258 2404 τῶν
276 2327 377 2425 ἐμῶν
398 2323 544 2427 λόγων·
564 2322 697 2427 μάτην
716 2325 796 2435 γάρ
811 2335 851 2408 σ’
871 2329 1013 2434 εἰσορῶ
1027 2325 1267 2428 θυμουμένην
1298 2335 1382 2402 1255

176 2474 237 2577 σῷ
265 2465 396 2548 πόσει·
427 2467 482 2547 τά
511 2468 542 2548 δ’
572 2468 727 2551 ἀδύναθ’
756 2475 843 2580 ἡμῖν
872 2480 1077 2576 καρτερεῖν
1106 2473 1151 2548 ού
1178 2464 1321 2576 ῥᾴδιον.

174 2609 248 2693 τὸν
275 2609 346 2713 μὲν
374 2612 441 2696 οὖν
470 2611 584 2723 ξένον
613 2613 760 2694 δίκαιον
788 2612 944 2722 αἰνέσαι
973 2610 1198 2721 προθυμέαι·

173 2754 291 2836 ἀλλά
320 2753 386 2836 καὶ
414 2756 464 2837 σὲ
492 2755 604 2839 τοῦθ’
632 2765 726 2866 ὁρᾷν
754 2755 850 2864 χρὴ,
881 2755 933 2857 μὴ
962 2758 1163 2869 διαβληθῇ
1191 2764 1376 2867 στρατῷ,

173 2899 241 2979 καὶ
268 2897 398 2980 πλέον
426 2898 640 3008 πράξωμεν
668 2898 789 2993 οὐδὲν,
820 2899 885 2980 ὅδε
913 2898 954 2979 δὲ
985 2893 1195 3010 συμφορᾶς
1223 2895 1343 3007 τύχη.

172 3041 236 3123 οἷα
265 3044 299 3124 δ’·
324 3040 512 3136 εἰσῆλθέν
540 3050 579 3145 μ’
605 3043 795 3142 ἄκουσον,
825 3049 963 3151 μῆτερ,
995 3040 1267 3145 ἐννοουμένην.“
1292 3053 1378 3120 1260

171 3188 381 3269 κατθανεῖν
410 3185 481 3290 μέν
506 3221 573 3288 μοι
602 3186 797 3270 δέδοκται·
830 3193 955 3268 τοῦτο
984 3186 1017 3265 δ’
1042 3183 1143 3266 αὐτὸ
1171 3181 1375 3287 βούλομαι

171 3339 339 3415 εύκλεῶς
368 3336 532 3448 πρᾶξαι,
564 3331 738 3440 παρεΐσά
761 3337 806 3436 γ’
834 3328 1008 3412 ἐκποδῶν
1037 3326 1086 3408 τὸ
1119 3327 1317 3430 δυσγενές.

171 3477 283 3585 δεῦρο
312 3475 357 3569 δὴ
386 3475 553 3582 σκέψαι1
571 3478 654 3578 μεθ’
682 3481 801 3577 ἡμῶν,
841 3480 985 3580 μῆτερ,
1002 3465 1063 3552 1ῶς
1091 3478 1221 3552 καλῶς
1250 3471 1372 3574 λέγω.

171 3625 223 3703 εἷς
251 3619 310 3724 ἔμ’
335 3620 484 3703 Ἑλλὰς
513 3627 535 3713 ἡ
563 3620 741 3724 μεγίστη
770 3625 888 3702 πᾶσα
919 3626 984 3702 νῦν
1011 3614 1258 3714 ἀποβλέπει,
1308 3599 1314 3612 ’

170 3776 244 3850 κάν
271 3770 359 3870 ἐμοὶ
386 3761 564 3876 πορθμόκ
585 3799 633 3847 τε
664 3771 777 3861 ναῶν,
808 3753 874 3845 κάῖ
901 3770 1063 3872 Φρυγῶν
1091 3762 1370 3874 κατασκαφαὶ,

169 3911 245 3994 πάς
273 3945 320 3993 τε
348 3911 581 4012 μελλούσας
608 3919 809 4011 γυναῖκας,
840 3903 885 3999 ἤν
914 3941 955 3987 τι
984 3906 1105 4012 δρῶσι
1135 3900 1351 4010 βάρβαροι,

173 4221 256 4281 1247·
278 4199 406 4272 υύκέμοῦ
420 4197 446 4272 γ’
894 4198 978 4273 1258·
1001 4179 1154 4268 διαβληθῆξ

172 4317 256 4375 1249.
277 4295 328 4372 ἰδίᾳ
890 4309 922 4348 12
929 4309 975 4367 59.
998 4285 1027 4345 ὃς
1042 4285 1071 4345 δέ
1084 4309 1126 4353 pro
1141 4285 1187 4343 ὅδε
1202 4281 1232 4342 δέ
1291 4291 1294 4299 “

171 4413 256 4472 1252.
278 4389 325 4463 ε’μὲ
339 4387 368 4448 δὲ
382 4393 411 4447 τί
425 4389 485 4470 χρη
895 4387 979 4445 1262.
1002 4380 1040 4442 τά
1052 4378 1187 4454 δυσμενές.

172 4507 255 4570 1234.
279 4493 313 4546 εἷς
328 4484 422 4544 τοῦτο’
438 4481 772 4563 γ’ἥξει...εἱσακούσιιτε
1169 4479 1173 4488 “
