3116 5074
610 529 907 604 ΕΥΡΙΠΙΔΟΥ

390 729 454 813 ἔτι
484 731 516 810 δ’
545 733 695 838 η’συχία
727 731 843 826 τήνδε
873 739 964 812 κατ’
993 727 1135 827 Αὖλιν,

331 903 333 910 ”
389 876 456 954 καί
484 875 876 988 ἀκίνητοι-φυλακαί
904 875 1085 983 τειχέων.

616 1017 844 1124 στείχωμεν
871 1017 965 1100 ἔσω.

278 1170 358 1244 ΑΓ.
390 1164 505 1274 ζηλοῖ
532 1162 597 1260 σέ,
625 1162 759 1271 γέρον,
792 1165 902 1276 ζηλοῖ
929 1167 960 1246 δ’
987 1166 1133 1274 ἀνδροῖν

378 1309 428 1428 Ιὃς
456 1309 656 1390 αἰιίνδυνον
685 1309 778 1406 βίον
806 1311 1017 1423 ἐξεπέρασ’

618 1452 758 1556 α’γνιδς,
789 1453 947 1548 ἀκλεής·

393 1595 486 1680 τοὺς
514 1596 547 1675 δ’
574 1604 617 1676 ἐν
645 1607 779 1696 τιμαῖς
807 1596 939 1690 ἧσσον
969 1599 1090 1708 ζηλοῖ.

279 1751 360 1826 ΠΡ.
392 1743 459 1822 καί
487 1739 560 1842 μὴν
590 1739 642 1822 τὸ
671 1739 800 1822 καλόν
827 1748 866 1844 γ’
894 1744 1067 1854 ἐνταῦθα
1096 1740 1201 1838 βίον.

277 1896 361 1970 ΑΓ.
392 1895 519 1970 τοῦτο
548 1887 589 1968 δέ
617 1894 657 1991 γ’
681 1888 801 1969 ἐστίν
830 1885 881 1968 τδ
910 1888 1037 1969 καλδν
1065 1885 1290 2000 σφαλερόν·
1328 1898 1371 1964 2⁰

616 2032 683 2112 καί
709 2028 931 2143 φιλότιμον
1356 2038 1360 2042 ’

386 2175 519 2278 γλυκὺ
545 2175 630 2278 μὲν,
662 2187 785 2258 λυπεῖ
809 2174 849 2258 δέ
879 2176 1219 2284 προσιστάμενον·

390 2321 492 2404 τότε
520 2321 592 2424 μέν
620 2320 675 2402 τά
709 2325 805 2404 θεαῖν
833 2329 903 2403 οὐκ
931 2322 1138 2429 ὀρθωθέντ’

612 2468 817 2574 α’νέτρεγίε
847 2467 954 2564 βίον,

390 2613 491 2694 τότε
520 2614 552 2693 δ’
580 2612 791 2721 α’νθράπων
818 2620 971 2716 γνῶμαι
999 2614 1160 2694 πολλαί
1327 2625 1371 2692 25

474 2757 541 2838 καί
568 2744 813 2861 δυσάρεστοι
841 2755 1079 2840 διέκναισαν.

282 2907 363 2983 ΠΡ.
391 2908 462 2984 οὐκ
490 2898 645 3004 άγαμαι
673 2908 793 2984 ταῦτ’
820 2901 958 3010 άνδρδς
985 2900 1192 3010 ἀριστέως·

393 3037 461 3129 ουίε
489 3048 558 3129 ἐπί
585 3048 711 3132 πᾶσίν
740 3054 781 3130 σ’
807 3047 1206 3162 ἐφίτενσ”α’γαθοῖς,

613 3195 880 3298 Ἀγάμεμνον,
911 3194 1086 3305 Ἀτρειίς·

390 3343 449 3423 δεῖ
473 3342 515 3421 δέ
543 3373 593 3422 σε
620 3340 776 3448 χαίρειν
805 3340 871 3420 καί
901 3342 1127 3422 λυπεῖσθαι·Ι

392 3485 530 3580 θνητδς
557 3485 638 3593 γάρ
667 3484 775 3599 έφυς·
805 3485 877 3567 κάν
902 3486 955 3589 μὴ
983 3485 1036 3570 σθ
1065 3485 1194 3600 θέλῃς,

393 3633 448 3717 τὰ
477 3635 572 3718 θεῶν
602 3631 707 3716 οίίτω
737 3630 953 3733 βουλόμεν’
981 3632 1115 3718 ἔσται.

394 3781 448 3869 σι)
476 3781 533 3884 δὲ,
567 3788 804 3890 λαμπτῆρος
832 3779 935 3895 φάος
963 3779 1220 3881 α’μπετάσας,

617 3926 764 4012 δέλτον
792 3962 842 4009 τε
869 3927 1037 4043 γράφεις

391 4077 510 4171 τήνδ’,
539 4073 584 4169 ἢν
612 4073 690 4183 πρὸ
718 4079 844 4181 χεριῖν
871 4071 934 4155 έτι
951 4072 1200 4185 βαστάζεις,
1326 4086 1372 4154 35

307 4324 351 4364 12.
371 4300 439 4386 τῇδε
452 4298 613 4360 κατ’,Αὖλιν
808 4319 855 4360 21·
876 4298 921 4357 καί
935 4299 973 4357 τδ
984 4297 1136 4378 φιλότιμον

307 4420 352 4475 14.
371 4401 527 4480 στείχομεν
540 4400 604 4458 ε’ίσω
810 4414 858 4474 27·
877 4394 1024 4480 α’ριστέος

304 4515 351 4555 20.
371 4493 435 4553 έστδ
809 4495 856 4553 28·
878 4495 951 4550 πασί
964 4490 990 4549 σ’
